<?xml version="1.0" encoding="UTF-8" ?><marc:collection xmlns:marc="http://www.loc.gov/MARC21/slim" xmlns:xsi="http://www.w3.org/2001/XMLSchema-instance" xsi:schemaLocation="http://www.loc.gov/MARC21/slim http://www.loc.gov/standards/marcxml/schema/MARC21slim.xsd">
<marc:record><marc:leader>03372cam a2200481Ii 4500</marc:leader>
<marc:controlfield tag="001">b12384999</marc:controlfield>
<marc:controlfield tag="003">UaCaAUL</marc:controlfield><marc:controlfield tag="005">20190502025944.0</marc:controlfield><marc:controlfield tag="008">991214s1907    ua       b    000 0 ara d</marc:controlfield><marc:datafield tag="035" ind1=" " ind2=" "><marc:subfield code="a">(OCoLC)60506362</marc:subfield></marc:datafield><marc:datafield tag="040" ind1=" " ind2=" "><marc:subfield code="a">MEAUC</marc:subfield><marc:subfield code="b">eng</marc:subfield><marc:subfield code="e">rda</marc:subfield><marc:subfield code="c">MEAUC</marc:subfield><marc:subfield code="d">OCLCG</marc:subfield><marc:subfield code="d">YUS</marc:subfield><marc:subfield code="d">OCLCA</marc:subfield><marc:subfield code="d">OCLCQ</marc:subfield><marc:subfield code="d">OCLCO</marc:subfield><marc:subfield code="d">OCLCF</marc:subfield><marc:subfield code="d">OCLCO</marc:subfield><marc:subfield code="d">UUM</marc:subfield><marc:subfield code="d">MEAUC</marc:subfield></marc:datafield><marc:datafield tag="049" ind1=" " ind2=" "><marc:subfield code="a">MAIN</marc:subfield></marc:datafield><marc:datafield tag="050" ind1=" " ind2="4"><marc:subfield code="a">PJ6680</marc:subfield><marc:subfield code="b">.K43x 1907</marc:subfield></marc:datafield><marc:datafield tag="066" ind1=" " ind2=" "><marc:subfield code="c">(3</marc:subfield></marc:datafield><marc:datafield tag="090" ind1=" " ind2=" "><marc:subfield code="a">PJ6680</marc:subfield><marc:subfield code="b">.K43x 1907</marc:subfield></marc:datafield><marc:datafield tag="100" ind1="1" ind2=" "><marc:subfield code="6">880-01</marc:subfield><marc:subfield code="a">Iskāfī, Muḥammad ibn ʻAbd Allāh,</marc:subfield><marc:subfield code="d">-1029,</marc:subfield><marc:subfield code="e">author.</marc:subfield></marc:datafield><marc:datafield tag="240" ind1="1" ind2="0"><marc:subfield code="6">880-02</marc:subfield><marc:subfield code="a">Mabādiʼ al-lughah.</marc:subfield></marc:datafield><marc:datafield tag="245" ind1="1" ind2="0"><marc:subfield code="6">880-03</marc:subfield><marc:subfield code="a">Kitāb Mabādiʼ al-lughah :</marc:subfield><marc:subfield code="b">maʻa sharḥ abyāt mabādiʼ al-lughah /</marc:subfield><marc:subfield code="c">lil-Shaykh al-Imām Abī ʻAbd Allāh Muḥammad ibn ʻAbd Allāh al-Khaṭīb al-Iskāfī, al-mutawaffī sanat 421 Hijrīyah raḥimahu Allāh taʻālá ; ʻuniya bi-taṣḥīḥihi al-Sayyid Muḥammad Badr al-Dīn al-Naʻsānī al-Ḥalabī.</marc:subfield></marc:datafield><marc:datafield tag="250" ind1=" " ind2=" "><marc:subfield code="6">880-04</marc:subfield><marc:subfield code="a">al-Ṭabʻah al-ūlá.</marc:subfield></marc:datafield><marc:datafield tag="264" ind1=" " ind2="1"><marc:subfield code="6">880-05</marc:subfield><marc:subfield code="a">Miṣr :</marc:subfield><marc:subfield code="b">Maṭbaʻat al-Saʻādah,</marc:subfield><marc:subfield code="c">1325 Hijrīyah [1907 or 1908]</marc:subfield></marc:datafield><marc:datafield tag="300" ind1=" " ind2=" "><marc:subfield code="a">204 pages ;</marc:subfield><marc:subfield code="c">23 cm.</marc:subfield></marc:datafield><marc:datafield tag="336" ind1=" " ind2=" "><marc:subfield code="a">text</marc:subfield><marc:subfield code="b">txt</marc:subfield><marc:subfield code="2">rdacontent.</marc:subfield></marc:datafield><marc:datafield tag="337" ind1=" " ind2=" "><marc:subfield code="a">unmediated</marc:subfield><marc:subfield code="b">n</marc:subfield><marc:subfield code="2">rdamedia.</marc:subfield></marc:datafield><marc:datafield tag="338" ind1=" " ind2=" "><marc:subfield code="a">volume</marc:subfield><marc:subfield code="b">nc</marc:subfield><marc:subfield code="2">rdacarrier.</marc:subfield></marc:datafield><marc:datafield tag="500" ind1=" " ind2=" "><marc:subfield code="6">880-06</marc:subfield><marc:subfield code="a">&quot;Ḥuqūq al-ṭabʻ maḥfūẓah&quot;.</marc:subfield></marc:datafield><marc:datafield tag="500" ind1=" " ind2=" "><marc:subfield code="6">880-07</marc:subfield><marc:subfield code="a">&quot;Ṭubiʻa ʻalá nafaqat Aḥmad Nājī al-Jamālī wa-Muḥammad Amīn al-Khānjī wa-akhīhi bi-Miṣr&quot;.</marc:subfield></marc:datafield><marc:datafield tag="500" ind1=" " ind2=" "><marc:subfield code="6">880-08</marc:subfield><marc:subfield code="a">&quot;(Wujida fī al-aṣl al-manqūl ʻanhu mā naṣṣuh) hādhā al-kitāb aʻnī Mabādiʼ al-lughah mustakhraj min Kitāb al-ʻAyn lil-Khalīl wa-nawādir ibn al-Aʻrābī wa-Ḥurūf Abī ʻAmr al-Shaybānī wa-Muṣannaf Abī Zayd wa-Jamharat ibn Durayd al-Azdī&quot;.</marc:subfield></marc:datafield><marc:datafield tag="504" ind1=" " ind2=" "><marc:subfield code="a">Includes bibliographical references.</marc:subfield></marc:datafield><marc:datafield tag="650" ind1=" " ind2="0"><marc:subfield code="a">Arabic language</marc:subfield><marc:subfield code="v">Glossaries, vocabularies, etc.</marc:subfield></marc:datafield><marc:datafield tag="700" ind1="1" ind2=" "><marc:subfield code="6">880-09</marc:subfield><marc:subfield code="a">Ḥalabī, Muḥammad Badr al-Dīn al-Naʻsānī,</marc:subfield><marc:subfield code="e">editor.</marc:subfield></marc:datafield><marc:datafield tag="880" ind1="1" ind2=" "><marc:subfield code="6">100-01/(3/r</marc:subfield><marc:subfield code="a">اسكافي، محمد بن عبد الله،‪</marc:subfield><marc:subfield code="d">- 1029.</marc:subfield></marc:datafield><marc:datafield tag="880" ind1="1" ind2="0"><marc:subfield code="6">245-03/(3/r</marc:subfield><marc:subfield code="a">كتاب مبادئ اللغة :‪</marc:subfield><marc:subfield code="b">مع شرح أبيات مبادئ اللغة /‪</marc:subfield><marc:subfield code="c">للشيخ الإمام أبي عبد الله محمد بن عبد الله الخطيب الاسكافي، المتوفي سنة 421 هجرية رحمه الله تعالى ؛ عني بتصحيحه السيد محمد بدر الدين النعساني الحلبي..</marc:subfield></marc:datafield><marc:datafield tag="880" ind1="1" ind2="0"><marc:subfield code="6">240-02/(3/r</marc:subfield><marc:subfield code="a">مبادئ اللغة.</marc:subfield></marc:datafield><marc:datafield tag="880" ind1=" " ind2=" "><marc:subfield code="6">250-04/(3/r</marc:subfield><marc:subfield code="a">الطبعة الأولى..</marc:subfield></marc:datafield><marc:datafield tag="880" ind1=" " ind2="1"><marc:subfield code="6">264-05/(3/r</marc:subfield><marc:subfield code="a">مصر :‪</marc:subfield><marc:subfield code="b">مطبعة السعادة،‪</marc:subfield><marc:subfield code="c">1325 هجرية [1907 أو 1908]</marc:subfield></marc:datafield><marc:datafield tag="880" ind1=" " ind2=" "><marc:subfield code="6">500-06/(3/r</marc:subfield><marc:subfield code="a">&quot;حقوق الطبع محفوظه&quot;..</marc:subfield></marc:datafield><marc:datafield tag="880" ind1=" " ind2=" "><marc:subfield code="6">500-07/(3/r</marc:subfield><marc:subfield code="a">&quot;طبع على نفقة أحمد ناجي الجمالي ومحمد أمين الخانجي وأخيه بمصر&quot;..</marc:subfield></marc:datafield><marc:datafield tag="880" ind1=" " ind2=" "><marc:subfield code="6">500-08/(3/r</marc:subfield><marc:subfield code="a">&quot;(وجد في الأصل المنقول عنه ما نصه) هذا الكتاب أعني مبادئ اللغة مستخرج من كتاب العين للخليل ونوادر بن الاعرابي وحروف أبي عمرو الشيباني ومصنف أبي زيد وجمهرة بن دريد الأزدي&quot;..</marc:subfield></marc:datafield><marc:datafield tag="880" ind1="1" ind2=" "><marc:subfield code="6">700-09/(3/r</marc:subfield><marc:subfield code="a">حلبي، محمد بدر الدين النعساني..</marc:subfield></marc:datafield><marc:datafield tag="907" ind1=" " ind2=" "><marc:subfield code="a">.b12384999</marc:subfield><marc:subfield code="b">main </marc:subfield></marc:datafield><marc:datafield tag="902" ind1=" " ind2=" "><marc:subfield code="a">190527</marc:subfield></marc:datafield><marc:datafield tag="998" ind1=" " ind2=" "><marc:subfield code="b">1</marc:subfield><marc:subfield code="c">991219</marc:subfield><marc:subfield code="d">m</marc:subfield><marc:subfield code="e">~</marc:subfield><marc:subfield code="f">-</marc:subfield><marc:subfield code="g">0</marc:subfield><marc:subfield code="k">MAH</marc:subfield></marc:datafield><marc:datafield tag="945" ind1=" " ind2=" "><marc:subfield code="l">main </marc:subfield></marc:datafield></marc:record>
</marc:collection>
